@incollection{schultz2017apmd,
 author={Martin G {Schultz} and Sabine {Schr\"{o}der} and Olga {Lyapina} and Owen R {Cooper}},
 title={{All pre-compiled metrics data sets, link to zip archive}},
 year={2017},
 doi={10.1594/PANGAEA.876110},
 url={https://doi.org/10.1594/PANGAEA.876110},
 note={In supplement to: Schultz, Martin G Et Al. (2017): Tropospheric Ozone Assessment Report: Database and Metrics Data of Global Surface Ozone Observations. Elementa - Science of the Anthropocene, 5:58, 26 pp, https://doi.org/10.1525/elementa.244},
 type={data set},
 publisher={PANGAEA}
}


@incollection{pelt,
 author={Gachomo Dorcas Wambui, Gichuhi Anthony Waititu, Anthony Wanjoya},
 title={{The Power of the Pruned Exact Linear Time(PELT) Test in
Multiple Changepoint Detection}},
 year={2015},
 doi={10.11648/j.ajtas.20150406.30},
 url={http://www.sciencepublishinggroup.com/j/ajtas},
 type={Paper},
 publisher={SciencePG}
}

@article{changepoint,
   author = {Rebecca Killick and Idris Eckley},
   title = {changepoint: An R Package for Changepoint Analysis},
   journal = {Journal of Statistical Software, Articles},
   volume = {58},
   number = {3},
   year = {2014},
   keywords = {},
   abstract = {},
   issn = {1548-7660},
   pages = {1--19},
   doi = {10.18637/jss.v058.i03},
   url = {https://www.jstatsoft.org/v058/i03}
}

@article{parrish_xu_croes_shao_2016, title={Air quality improvement in Los Angelesâ€”perspectives for developing cities}, volume={10}, DOI={10.1007/s11783-016-0859-5}, number={5}, journal={Frontiers of Environmental Science and Engineering}, author={Parrish, David D. and Xu, Jin and Croes, Bart and Shao, Min}, year={2016}}


@article{fleming,author={Fleming, Z.L., Doherty, R.M., von Schneidemesser, E., Malley, C.S., Cooper, O.R., Pinto, J.P., Colette, A., Xu, X., Simpson, D., Schultz, M.G., Lefohn, A.S., Hamad, S., Moolla, R., Solberg, S. and Feng, Z.}, year={2018}, title={Tropospheric Ozone Assessment Report: Present-day ozone distribution and trends relevant to human health},journal={ Elem Sci Anth},number={ 6(1)}}


@article{ecological, author={Mills, G., Pleijel, H., Malley, C.S., Sinha, B., Cooper, O.R., Schultz, M.G., Neufeld, H.S., Simpson, D., Sharps, K., Feng, Z., Gerosa, G., Harmens, H., Kobayashi, K., Saxena, P., Paoletti, E., Sinha, V. and Xu, X.}, year={2018},title={Tropospheric Ozone Assessment Report: Present-day tropospheric ozone distribution and trends relevant to vegetation},journal={Elem Sci Anth},number={ 6(1)}}